%% This BibTeX bibliography file was created using BibDesk.
%% http://bibdesk.sourceforge.net/


%% Created for Mark Sherman at 2010-11-29 11:56:40 -0500 


%% Saved with string encoding Unicode (UTF-8) 



@book{strauss97,
	Date-Added = {2010-11-28 15:07:38 -0500},
	Date-Modified = {2010-11-28 15:09:12 -0500},
	Editor = {Anselm Strauss and Juliet Corbin},
	Keywords = {grounded theory, case studies},
	Publisher = {Sage},
	Title = {Grounded Theory in Practice},
	Year = {1997}}

@article{levin87,
	Author = {Levin, J. and Waugh, M.},
	Date-Added = {2010-11-28 14:50:59 -0500},
	Date-Modified = {2010-11-28 14:52:18 -0500},
	Journal = {International Journal of Educational Research},
	Number = {1},
	Pages = {71-79},
	Title = {Educational simulations, tools, games, and microworlds: Computer-based environments for learning.},
	Volume = {12},
	Year = {1987}}

@article{schon92,
	Author = {D. A. Sch\"{o}n},
	Date-Added = {2010-11-21 13:50:02 -0500},
	Date-Modified = {2010-11-21 13:52:44 -0500},
	Journal = {Research and Engineering Design},
	Number = {3},
	Title = {Designing as a reflective conversation with the materials of a design situation},
	Volume = {3},
	Year = {1992},
	Bdsk-File-1 = {YnBsaXN0MDDUAQIDBAUIJidUJHRvcFgkb2JqZWN0c1gkdmVyc2lvblkkYXJjaGl2ZXLRBgdUcm9vdIABqAkKFRYXGyIjVSRudWxs0wsMDQ4RFFpOUy5vYmplY3RzV05TLmtleXNWJGNsYXNzog8QgASABqISE4ACgAOAB1lhbGlhc0RhdGFccmVsYXRpdmVQYXRo0hgNGRpXTlMuZGF0YU8RAgIAAAAAAgIAAgAADE1hY2ludG9zaCBIRAAAAAAAAAAAAAAAAAAAAMa9Q4xIKwAAAAlR2h9zY2hvbi1yZWZsZWN0aXZlLWNvbiNFMzExMDgucGRmAAAAAAAAAAAAAAAAAAAAAAAAAAAAAAAAAAAAAAAAAAAA4xEIyQ7SZwAAAAAAAAAAAAIAAwAACSAAAAAAAAAAAAAAAAAAAAAGcGFwZXJzABAACAAAxr17zAAAABEACAAAyQ8YtwAAAAEAFAAJUdoACVGhAAlAvAAJLzQAAJGfAAIAS01hY2ludG9zaCBIRDpVc2VyczptYXJrOmNsYXNzZXM6ZnJlZDpwYXBlcnM6c2Nob24tcmVmbGVjdGl2ZS1jb24jRTMxMTA4LnBkZgAADgBeAC4AcwBjAGgAbwBuAC0AcgBlAGYAbABlAGMAdABpAHYAZQAtAGMAbwBuAHYAZQByAHMAYQB0AGkAbwBuAC0AYQByAHQAaQBjAGwAZQAtADEAOQA5ADIALgBwAGQAZgAPABoADABNAGEAYwBpAG4AdABvAHMAaAAgAEgARAASAE1Vc2Vycy9tYXJrL2NsYXNzZXMvZnJlZC9wYXBlcnMvc2Nob24tcmVmbGVjdGl2ZS1jb252ZXJzYXRpb24tYXJ0aWNsZS0xOTkyLnBkZgAAEwABLwAAFQACAAv//wAAgAXSHB0eH1gkY2xhc3Nlc1okY2xhc3NuYW1lox8gIV1OU011dGFibGVEYXRhVk5TRGF0YVhOU09iamVjdF8QQC4uLy4uL2ZyZWQvcGFwZXJzL3NjaG9uLXJlZmxlY3RpdmUtY29udmVyc2F0aW9uLWFydGljbGUtMTk5Mi5wZGbSHB0kJaIlIVxOU0RpY3Rpb25hcnkSAAGGoF8QD05TS2V5ZWRBcmNoaXZlcgAIABEAFgAfACgAMgA1ADoAPABFAEsAUgBdAGUAbABvAHEAcwB2AHgAegB8AIYAkwCYAKACpgKoAq0CtgLBAsUC0wLaAuMDJgMrAy4DOwNAAAAAAAAAAgEAAAAAAAAAKAAAAAAAAAAAAAAAAAAAA1I=}}

@inbook{lochhead87,
	Annote = {Cites larkin 77 for analysis of expert vs. novice thinkers: four characteristics of expert:
	- assembles information from the problem
	- plans problem solution
	- solves the problem
	- checks solution

Thinking Aloud Pair Problem Solving
	two roles, one for each student: problem solver and listener},
	Author = {Jack Lochhead and Arthur Whimbey},
	Chapter = {5},
	Date-Added = {2010-11-21 13:47:36 -0500},
	Date-Modified = {2010-11-21 22:44:49 -0500},
	Editor = {J. E. Stice},
	Keywords = {TAPPS, think-aloud},
	Publisher = {Jossey-Bass},
	Title = {Teaching Analytical Reasoning Through Thinking Aloud Pair Problem Solving},
	Year = {1987}}

@inbook{greenfield87,
	Author = {Lois Broder Greenfield},
	Chapter = {1},
	Date-Added = {2010-11-21 13:47:36 -0500},
	Date-Modified = {2010-11-21 13:47:36 -0500},
	Editor = {J. E. Stice},
	Number = {30},
	Publisher = {Jossey-Bass},
	Title = {Teaching Thinking Through Problem Solving},
	Year = {1987}}

@article{schneider,
	Annote = {Uses "conceptual knowledge" as a term but doesn't define it

We lack ways to measure conceptual vs. procedural knowledge prior to intervention

this reasearch measured four different measures of both contructs before an after intervention and modelled . Tested quality of meaures.

Conceptual was source of chidrens' procedural, but not vice versa. 

Conceptual could be tested with high consistency, procedural could not.

Is this paper bad? looks ok...},
	Author = {Michael Schneider and Elsbeth Stern},
	Date-Added = {2010-11-21 13:47:36 -0500},
	Date-Modified = {2010-11-21 13:47:36 -0500},
	Title = {Conceptual and Procedural Knowledge of a Mathematics Problem: Their Measurement and their Causal Interrelations}}

@article{simon04,
	Annote = {Just what the title says.
},
	Author = {Martin A. Simon},
	Date-Added = {2010-11-21 13:47:36 -0500},
	Date-Modified = {2010-11-21 13:47:36 -0500},
	Journal = {Journal for Research in Mathematics Education},
	Number = {3},
	Pages = {157-164},
	Title = {Raising Issues of Quality in Mathematics Education Research},
	Volume = {35},
	Year = {2004}}

@book{lester81,
	Annote = {BIG ONE

defines terms "problem" and "problem solving"
	
	"A problem is a situation in which an indiviudal or group is called upon to perform a task for which there is no readily accessible algorithm which determies completely the mothod of solution" (lester 1978 p54)

List of other definition references

Despite well-recognized importance, the role of problem solving should play in the math curriculum is less clear 287

The nature of math problem solving
	Task variables, subject variables, process variables, instruction variables

Heuristic Polya (1957) "a planned action or series of actions performed to assist in the discovery of a solution to a problem"

Techniques for styidying processes},
	Author = {Frank K. Lester, Jr.},
	Chapter = {10},
	Date-Added = {2010-11-21 13:47:36 -0500},
	Date-Modified = {2010-11-21 13:47:36 -0500},
	Title = {Research on Mathematical Problem Solving},
	Year = {1981}}

@article{lester94,
	Annote = {Problem solving is claimed to be central to education at all levels, yet research is showing lack of results in problem solving tests.

Overview of past research in math problem solving presented
Discussion of apparent decline in research in area
suggestion of issues and questions that should be focus of research},
	Author = {Frank K. Lester, Jr.},
	Date-Added = {2010-11-21 13:47:36 -0500},
	Date-Modified = {2010-11-21 13:47:36 -0500},
	Journal = {Journal for Research in Mathematics Education},
	Number = {6},
	Pages = {660-675},
	Title = {Musing about mathematical problem-solving research: 1970-1994},
	Volume = {25},
	Year = {1994}}

@article{vers94,
	Annote = {attempt to explain difficulties with aprticular types of compare problems, Lewis and Mayer (1987) presented a model that simulates the comprehension process when solving these problems. Crucial component of this model is "consistency hypothesis" according to which students are more likely to experience representational difficulties when problem is not presented in preferred format.},
	Author = {Lieven Verschaffel},
	Date-Added = {2010-11-21 13:47:36 -0500},
	Date-Modified = {2010-11-21 13:47:36 -0500},
	Journal = {Journal for Research in Mathematics Education},
	Month = {March},
	Number = {2},
	Pages = {141-165},
	Title = {Using retelling data to study elementary school children's prepresentations and solutions of compare problems.},
	Volume = {25},
	Year = {1994}}

@article{malloy98,
	Annote = {Study examines problem solving characteristics, strategy selection and use, and verification of 24 aa 8th grade students.
Individual, talk-aloud problems solving + problem solutions, attitudes towards learning math

Studetns displayed approaches atributed to AA learners in lit, regularly using holistic rather than analytic reasoning. 

Confidende & self-esteem not related to success. 

Success correlated with strategy selection, moderately with verification actions.},
	Author = {Carol E. Malloy and M. Gail Jones},
	Date-Added = {2010-11-21 13:47:36 -0500},
	Date-Modified = {2010-11-21 13:47:36 -0500},
	Pages = {143-163},
	Title = {An Investigation of Africal American Students' Mathematical Problem Solving},
	Volume = {29},
	Year = {1998}}

@article{star,
	Annote = {
Argues renewed focus in math edcuation research on procedural knowledge.

current characterizations of conceptual and procedural knowledge reflect limiting assumtions about how proecdures are known

is this paper even good? bad?

(in Reasoning Class Folder)},
	Author = {Jon R. Star},
	Date-Added = {2010-11-21 13:47:36 -0500},
	Date-Modified = {2010-11-21 13:47:36 -0500},
	Title = {Reconceptualizing Procedural Knowledge}}

@webpage{nichols04,
	Annote = {(in Reasoning Class Folder)},
	Author = {Fred Nichols},
	Date-Added = {2010-11-21 13:47:36 -0500},
	Date-Modified = {2010-11-21 13:47:36 -0500},
	Keywords = {procedural, declarative},
	Title = {Procedural and Declarative Knowledge},
	Year = {2004}}

@inbook{dillon86,
	Annote = {Declarative and Procedureal knowledge definitions.
self-knowledge

"Facilitators of learning" must decide what declarative/procedureal knowledge
	a. have greatest generalizable utility
	b. best equip students to learn on their own
normal curriculum doesn't fully provide for moderd needs of learners

self-regulatory mechanism necessary to develop

Teaching strategies
	methods should help students become aware of alternatives, be theoretically motivated
	optimal method is function of type of knowledge/subject

curriculum materials: current state: emphasis on declarative, impersonal

(in Reasoning Class Folder)},
	Author = {Ronna F. Dillon},
	Chapter = {Issues in Cognitive Psychology and Instruction},
	Date-Added = {2010-11-21 13:47:36 -0500},
	Date-Modified = {2010-11-21 13:47:36 -0500},
	Keywords = {declarative, procedural},
	Number = {1},
	Pages = {1-12},
	Publisher = {Academic Press},
	Title = {Cognition and Instruction},
	Year = {1986}}

@inbook{nickerson86,
	Annote = {Reasoning can be a "big R" of education
What is reasoning?
	thinking, problem solving.. all involved, overlap

Inference is key to language understanding, and is automatic

Belief: people rationalize but don't recognize it as such. Can NOT believe that a reason given by a person and the resaons that person originally had -> desire to be rational, though hard to do

CONFIRMATION BIAS 356

(in Reasoning Class Folder)},
	Author = {Raymond S. Nickerson},
	Chapter = {Reasoning},
	Date-Added = {2010-11-21 13:47:36 -0500},
	Date-Modified = {2010-11-21 13:47:36 -0500},
	Number = {10},
	Pages = {343-370},
	Publisher = {Academic Press},
	Title = {Cognition and Instruction},
	Year = {1986}}

@article{sandoval04,
	Annote = {Analyzes what two different teachers do to integrate a computer activities into curriculum.
Measured tradeoffs off...

exploration vs review
student vs teacher-directed discussion
teacher as a guide vs. authority
in-depth vs. borad student participation
},
	Author = {William A. Sandoval and Kenneth Daniszewski},
	Date-Added = {2010-11-21 13:47:36 -0500},
	Date-Modified = {2010-11-21 13:47:36 -0500},
	Journal = {Journal of Science Education and Technology},
	Number = {2},
	Pages = {161-177},
	Title = {Mapping Trade-Offs in Teachers' Integration of Technology-Supported Inquiry in High School Science Classes},
	Volume = {13},
	Year = {2004},
	Bdsk-File-1 = {YnBsaXN0MDDUAQIDBAUIJidUJHRvcFgkb2JqZWN0c1gkdmVyc2lvblkkYXJjaGl2ZXLRBgdUcm9vdIABqAkKFRYXGyIjVSRudWxs0wsMDQ4RFFpOUy5vYmplY3RzV05TLmtleXNWJGNsYXNzog8QgASABqISE4ACgAOAB1lhbGlhc0RhdGFccmVsYXRpdmVQYXRo0hgNGRpXTlMuZGF0YU8RAgYAAAAAAgYAAgAADE1hY2ludG9zaCBIRAAAAAAAAAAAAAAAAAAAAMa9Q4xIKwAAALTm5hpTYW5kb3ZhbEpTRVR2MTNuMl9NYXJrLnBkZgAAAAAAAAAAAAAAAAAAAAAAAAAAAAAAAAAAAAAAAAAAAAAAAAAAtObryOsvhgAAAAAAAAAAAAIAAwAACSAAAAAAAAAAAAAAAAAAAAAOcmVhZGluZ3MgMTAtMTgAEAAIAADGvXvMAAAAEQAIAADI62fGAAAAAQAUALTm5gCHKS8ACUC8AAkvNAAAkZ8AAgBlTWFjaW50b3NoIEhEOlVzZXJzOm1hcms6Y2xhc3NlczpyZWFzb25pbmcgcHJvYmxlbSBlZHVjYXRpb246cmVhZGluZ3MgMTAtMTg6U2FuZG92YWxKU0VUdjEzbjJfTWFyay5wZGYAAA4ANgAaAFMAYQBuAGQAbwB2AGEAbABKAFMARQBUAHYAMQAzAG4AMgBfAE0AYQByAGsALgBwAGQAZgAPABoADABNAGEAYwBpAG4AdABvAHMAaAAgAEgARAASAFhVc2Vycy9tYXJrL2NsYXNzZXMvcmVhc29uaW5nIHByb2JsZW0gZWR1Y2F0aW9uL3JlYWRpbmdzIDEwLTE4L1NhbmRvdmFsSlNFVHYxM24yX01hcmsucGRmABMAAS8AABUAAgAL//8AAIAF0hwdHh9YJGNsYXNzZXNaJGNsYXNzbmFtZaMfICFdTlNNdXRhYmxlRGF0YVZOU0RhdGFYTlNPYmplY3RfEEsuLi8uLi9yZWFzb25pbmcgcHJvYmxlbSBlZHVjYXRpb24vcmVhZGluZ3MgMTAtMTgvU2FuZG92YWxKU0VUdjEzbjJfTWFyay5wZGbSHB0kJaIlIVxOU0RpY3Rpb25hcnkSAAGGoF8QD05TS2V5ZWRBcmNoaXZlcgAIABEAFgAfACgAMgA1ADoAPABFAEsAUgBdAGUAbABvAHEAcwB2AHgAegB8AIYAkwCYAKACqgKsArECugLFAskC1wLeAucDNQM6Az0DSgNPAAAAAAAAAgEAAAAAAAAAKAAAAAAAAAAAAAAAAAAAA2E=}}

@book{kimbell06,
	Address = {Heidelberg Germany},
	Author = {R. A. Kimbell and K. Stables},
	Date-Added = {2010-11-21 11:57:19 -0500},
	Date-Modified = {2010-11-21 12:03:38 -0500},
	Keywords = {design models},
	Publisher = {Springer},
	Series = {Science, Technology, Education Library},
	Title = {Researching Design Learning},
	Volume = {34},
	Year = {2007}}

@book{piaget69,
	Author = {Jean Piaget and B\"{a}rbel Inhelder},
	Date-Added = {2010-11-21 08:50:45 -0500},
	Date-Modified = {2010-11-21 08:57:49 -0500},
	Keywords = {stages of cognitive development},
	Publisher = {Basic Books},
	Title = {The Psychology of the Child},
	Year = {1969}}

@inbook{beyer88,
	Annote = {Chapter 3: Defining Thinking and Thinking Skills

"thinking is mental manipulation of sensory input and recalled perceptions to formulate thoughts reson about, or judge" p46

(in Reasoning Class Folder)},
	Author = {Barry K. Beyer},
	Chapter = {Defining Thinking and Thinking Skills},
	Date-Added = {2010-11-21 01:57:21 -0500},
	Date-Modified = {2010-11-21 12:07:31 -0500},
	Keywords = {metacognition},
	Publisher = {Allyn and Bacon, Inc},
	Title = {Developing a Thinking Skills Program},
	Year = {1988}}

@book{bloombroder50,
	Annote = {differences occured in four areas:
	understanding the requirements of the problem
	understanding the ideas contained in the problem,
	general approach to the solution of problems
	personal factors in the solution of problems

succ/unsuccess differed in ability ot both udnerstand task at hand and keep this in mind as they worked towards a solution

problem unsucces attacked was often not the problem intended by test writer, either because of misinterpretation in directions or failure to keep directions in mind during work

unsucc had difficiulty relating lecture notes, homework problems, and reading to questions if form of question varied from original learning.

Stice001 p.14},
	Author = {Benjamin Samuel Bloom and Lois J. Broder},
	Date-Added = {2010-11-21 01:39:21 -0500},
	Date-Modified = {2010-11-21 12:07:40 -0500},
	Journal = {Supplementary Educational Monographs},
	Keywords = {successfull student strategies},
	Publisher = {University of Chicago Press},
	Title = {Problem-solving processes of college students: an exploratory investigation},
	Year = {1950},
	Bdsk-File-1 = {YnBsaXN0MDDUAQIDBAUIJidUJHRvcFgkb2JqZWN0c1gkdmVyc2lvblkkYXJjaGl2ZXLRBgdUcm9vdIABqAkKFRYXGyIjVSRudWxs0wsMDQ4RFFpOUy5vYmplY3RzV05TLmtleXNWJGNsYXNzog8QgASABqISE4ACgAOAB1lhbGlhc0RhdGFccmVsYXRpdmVQYXRo0hgNGRpXTlMuZGF0YU8RAb4AAAAAAb4AAgAADE1hY2ludG9zaCBIRAAAAAAAAAAAAAAAAAAAAMa9Q4xIKwAAAIcpLw1zdGljZV8wMDEucGRmAAAAAAAAAAAAAAAAAAAAAAAAAAAAAAAAAAAAAAAAAAAAAAAAAAAAAAAAAAAAAAAAAAAA4nkxyQ4lqgAAAAAAAAAAAAIAAgAACSAAAAAAAAAAAAAAAAAAAAAbcmVhc29uaW5nIHByb2JsZW0gZWR1Y2F0aW9uAAAQAAgAAMa9e8wAAAARAAgAAMkOa/oAAAABABAAhykvAAlAvAAJLzQAAJGfAAIASU1hY2ludG9zaCBIRDpVc2VyczptYXJrOmNsYXNzZXM6cmVhc29uaW5nIHByb2JsZW0gZWR1Y2F0aW9uOnN0aWNlXzAwMS5wZGYAAA4AHAANAHMAdABpAGMAZQBfADAAMAAxAC4AcABkAGYADwAaAAwATQBhAGMAaQBuAHQAbwBzAGgAIABIAEQAEgA8VXNlcnMvbWFyay9jbGFzc2VzL3JlYXNvbmluZyBwcm9ibGVtIGVkdWNhdGlvbi9zdGljZV8wMDEucGRmABMAAS8AABUAAgAL//8AAIAF0hwdHh9YJGNsYXNzZXNaJGNsYXNzbmFtZaMfICFdTlNNdXRhYmxlRGF0YVZOU0RhdGFYTlNPYmplY3RfEC8uLi8uLi9yZWFzb25pbmcgcHJvYmxlbSBlZHVjYXRpb24vc3RpY2VfMDAxLnBkZtIcHSQloiUhXE5TRGljdGlvbmFyeRIAAYagXxAPTlNLZXllZEFyY2hpdmVyAAgAEQAWAB8AKAAyADUAOgA8AEUASwBSAF0AZQBsAG8AcQBzAHYAeAB6AHwAhgCTAJgAoAJiAmQCaQJyAn0CgQKPApYCnwLRAtYC2QLmAusAAAAAAAACAQAAAAAAAAAoAAAAAAAAAAAAAAAAAAAC/Q==}}

@conference{byob,
	Address = {Paris, France},
	Author = {Brian Harvey and Jens M{\"o}nig},
	Booktitle = {Constructionism},
	Date-Added = {2010-06-21 15:48:00 -0400},
	Date-Modified = {2010-10-31 23:34:00 -0400},
	Month = {August},
	Organization = {American University of Paris},
	Title = {Bringing ``No Ceiling" to Scratch: Can One Language Serve Kids and Computer Scientists?},
	Year = {2010}}

@inproceedings{scratch,
	Address = {Washington, DC, USA},
	Author = {John Maloney and Leo Burd and Yasmin Kafai and Natalie Rusk and Brian Silverman and Mitchel Resnick},
	Booktitle = {C5 '04: Proceedings of the Second International Conference on Creating, Connecting and Collaborating through Computing},
	Date-Added = {2010-06-21 15:41:42 -0400},
	Date-Modified = {2010-06-21 15:45:03 -0400},
	Pages = {104-109},
	Publisher = {IEEE Computer Society},
	Title = {Scratch: A Sneak Preview},
	Year = {2004}}

@article{axiomatic,
	Author = {Nam P. Suh},
	Date-Added = {2010-06-21 14:05:58 -0400},
	Date-Modified = {2010-06-21 15:11:04 -0400},
	Journal = {Research in Engineering Design},
	Month = {December},
	Number = {4},
	Pages = {189-209},
	Publisher = {Springer London},
	Title = {Axiomatic Design Theory for Systems},
	Volume = {10},
	Year = {1998}}

@book{ericsson-1984,
	Address = {Cambridge, MA},
	Author = {K. A. Ericsson and H. A. Simon},
	Date-Added = {2010-06-21 12:36:23 -0400},
	Date-Modified = {2010-06-21 12:38:31 -0400},
	Publisher = {MIT Press},
	Title = {Protocol Analysis. Verbal reports as data},
	Year = {1984}}

@misc{mos-design,
	Author = {{The Boston Museum of Science}},
	Date-Added = {2010-06-21 11:34:46 -0400},
	Date-Modified = {2010-11-21 02:47:56 -0500},
	Howpublished = {part of Design Challenges exhibit},
	Title = {Engineering Design Cycle},
	Year = {2008}}

@book{schon83,
	Address = {New York},
	Author = {Donald Sch{\"o}n},
	Date-Added = {2010-06-21 10:27:16 -0400},
	Date-Modified = {2010-11-21 13:48:50 -0500},
	Publisher = {Basic Books},
	Title = {The Reflective Practicioner: How Professionals Think in Action},
	Year = {1983}}

@article{designing-to-learn,
	Author = {Cindy E. Hmelo and Douglas L. Holton and Janet L. Kolodner},
	Date-Added = {2010-06-21 10:08:16 -0400},
	Date-Modified = {2010-06-21 10:09:14 -0400},
	Journal = {The Journal of the Learning Sciences},
	Number = {3},
	Pages = {247-298},
	Title = {Designing to Learn About Complex Systems},
	Volume = {9},
	Year = {2000},
	Bdsk-File-1 = {YnBsaXN0MDDUAQIDBAUIJidUJHRvcFgkb2JqZWN0c1gkdmVyc2lvblkkYXJjaGl2ZXLRBgdUcm9vdIABqAkKFRYXGyIjVSRudWxs0wsMDQ4RFFpOUy5vYmplY3RzV05TLmtleXNWJGNsYXNzog8QgASABqISE4ACgAOAB1lhbGlhc0RhdGFccmVsYXRpdmVQYXRo0hgNGRpXTlMuZGF0YU8RAZwAAAAAAZwAAgAADE1hY2ludG9zaCBIRAAAAAAAAAAAAAAAAAAAAMa9Q4xIKwAAADIb6QszMzQyMDE0LnBkZgAAAAAAAAAAAAAAAAAAAAAAAAAAAAAAAAAAAAAAAAAAAAAAAAAAAAAAAAAAAAAAAAAAAAAAMhvvyDvnhQAAAAAAAAAAAAIABAAACSAAAAAAAAAAAAAAAAAAAAAIS29sb2RuZXIAEAAIAADGvXvMAAAAEQAIAADIPB/FAAAAAQAYADIb6QAJUdoACVGhAAlAvAAJLzQAAJGfAAIAQE1hY2ludG9zaCBIRDpVc2VyczptYXJrOmNsYXNzZXM6ZnJlZDpwYXBlcnM6S29sb2RuZXI6MzM0MjAxNC5wZGYADgAYAAsAMwAzADQAMgAwADEANAAuAHAAZABmAA8AGgAMAE0AYQBjAGkAbgB0AG8AcwBoACAASABEABIAM1VzZXJzL21hcmsvY2xhc3Nlcy9mcmVkL3BhcGVycy9Lb2xvZG5lci8zMzQyMDE0LnBkZgAAEwABLwAAFQACAAv//wAAgAXSHB0eH1gkY2xhc3Nlc1okY2xhc3NuYW1lox8gIV1OU011dGFibGVEYXRhVk5TRGF0YVhOU09iamVjdF8QJi4uLy4uL2ZyZWQvcGFwZXJzL0tvbG9kbmVyLzMzNDIwMTQucGRm0hwdJCWiJSFcTlNEaWN0aW9uYXJ5EgABhqBfEA9OU0tleWVkQXJjaGl2ZXIACAARABYAHwAoADIANQA6ADwARQBLAFIAXQBlAGwAbwBxAHMAdgB4AHoAfACGAJMAmACgAkACQgJHAlACWwJfAm0CdAJ9AqYCqwKuArsCwAAAAAAAAAIBAAAAAAAAACgAAAAAAAAAAAAAAAAAAALS}}

@article{csed-guzdial,
	Author = {Cameron Wilson and Mark Guzdial},
	Date-Added = {2010-06-21 08:11:05 -0400},
	Date-Modified = {2010-06-21 08:12:57 -0400},
	Journal = {Communications of the ACM},
	Month = {May},
	Number = {3},
	Pages = {35-37},
	Title = {How to Make Progress in Computing Education},
	Volume = {53},
	Year = {2010},
	Bdsk-File-1 = {YnBsaXN0MDDUAQIDBAUIJidUJHRvcFgkb2JqZWN0c1gkdmVyc2lvblkkYXJjaGl2ZXLRBgdUcm9vdIABqAkKFRYXGyIjVSRudWxs0wsMDQ4RFFpOUy5vYmplY3RzV05TLmtleXNWJGNsYXNzog8QgASABqISE4ACgAOAB1lhbGlhc0RhdGFccmVsYXRpdmVQYXRo0hgNGRpXTlMuZGF0YU8RAcwAAAAAAcwAAgAADE1hY2ludG9zaCBIRAAAAAAAAAAAAAAAAAAAAMa9Q4xIKwAAAAlR2h1jYWNtLWNzZWQtZ3V6ZGlhbC1tYXkyMDEwLnBkZgAAAAAAAAAAAAAAAAAAAAAAAAAAAAAAAAAAAAAAAAAAAAAAM5eQyETO2AAAAAAAAAAAAAIAAwAACSAAAAAAAAAAAAAAAAAAAAAGcGFwZXJzABAACAAAxr17zAAAABEACAAAyEUHGAAAAAEAFAAJUdoACVGhAAlAvAAJLzQAAJGfAAIASU1hY2ludG9zaCBIRDpVc2VyczptYXJrOmNsYXNzZXM6ZnJlZDpwYXBlcnM6Y2FjbS1jc2VkLWd1emRpYWwtbWF5MjAxMC5wZGYAAA4APAAdAGMAYQBjAG0ALQBjAHMAZQBkAC0AZwB1AHoAZABpAGEAbAAtAG0AYQB5ADIAMAAxADAALgBwAGQAZgAPABoADABNAGEAYwBpAG4AdABvAHMAaAAgAEgARAASADxVc2Vycy9tYXJrL2NsYXNzZXMvZnJlZC9wYXBlcnMvY2FjbS1jc2VkLWd1emRpYWwtbWF5MjAxMC5wZGYAEwABLwAAFQACAAv//wAAgAXSHB0eH1gkY2xhc3Nlc1okY2xhc3NuYW1lox8gIV1OU011dGFibGVEYXRhVk5TRGF0YVhOU09iamVjdF8QLy4uLy4uL2ZyZWQvcGFwZXJzL2NhY20tY3NlZC1ndXpkaWFsLW1heTIwMTAucGRm0hwdJCWiJSFcTlNEaWN0aW9uYXJ5EgABhqBfEA9OU0tleWVkQXJjaGl2ZXIACAARABYAHwAoADIANQA6ADwARQBLAFIAXQBlAGwAbwBxAHMAdgB4AHoAfACGAJMAmACgAnACcgJ3AoACiwKPAp0CpAKtAt8C5ALnAvQC+QAAAAAAAAIBAAAAAAAAACgAAAAAAAAAAAAAAAAAAAML}}

@article{brown-1992,
	Author = {Ann L. Brown},
	Date-Added = {2010-06-21 01:47:08 -0400},
	Date-Modified = {2010-06-21 01:48:40 -0400},
	Journal = {The Journal of the Learning Sciences},
	Number = {2},
	Pages = {141-178},
	Title = {Design Experiments: Theoretical and Methodological Challenges in Creating Complex Interventions in Classroom Settings},
	Volume = {2},
	Year = {1992},
	Bdsk-File-1 = {YnBsaXN0MDDUAQIDBAUIJidUJHRvcFgkb2JqZWN0c1gkdmVyc2lvblkkYXJjaGl2ZXLRBgdUcm9vdIABqAkKFRYXGyIjVSRudWxs0wsMDQ4RFFpOUy5vYmplY3RzV05TLmtleXNWJGNsYXNzog8QgASABqISE4ACgAOAB1lhbGlhc0RhdGFccmVsYXRpdmVQYXRo0hgNGRpXTlMuZGF0YU8RAdoAAAAAAdoAAgAADE1hY2ludG9zaCBIRAAAAAAAAAAAAAAAAAAAAMa9Q4xIKwAAAAlR2h9icm93bi0xOTkyLWRlc2lnbi1leHAjOTUxRkIucGRmAAAAAAAAAAAAAAAAAAAAAAAAAAAAAAAAAAAAAAAAAAAACVH7xs6L5wAAAAAAAAAAAAIAAwAACSAAAAAAAAAAAAAAAAAAAAAGcGFwZXJzABAACAAAxr17zAAAABEACAAAxs7EJwAAAAEAFAAJUdoACVGhAAlAvAAJLzQAAJGfAAIAS01hY2ludG9zaCBIRDpVc2VyczptYXJrOmNsYXNzZXM6ZnJlZDpwYXBlcnM6YnJvd24tMTk5Mi1kZXNpZ24tZXhwIzk1MUZCLnBkZgAADgBEACEAYgByAG8AdwBuAC0AMQA5ADkAMgAtAGQAZQBzAGkAZwBuAC0AZQB4AHAAZQByAGkAbQBlAG4AdABzAC4AcABkAGYADwAaAAwATQBhAGMAaQBuAHQAbwBzAGgAIABIAEQAEgBAVXNlcnMvbWFyay9jbGFzc2VzL2ZyZWQvcGFwZXJzL2Jyb3duLTE5OTItZGVzaWduLWV4cGVyaW1lbnRzLnBkZgATAAEvAAAVAAIAC///AACABdIcHR4fWCRjbGFzc2VzWiRjbGFzc25hbWWjHyAhXU5TTXV0YWJsZURhdGFWTlNEYXRhWE5TT2JqZWN0XxAzLi4vLi4vZnJlZC9wYXBlcnMvYnJvd24tMTk5Mi1kZXNpZ24tZXhwZXJpbWVudHMucGRm0hwdJCWiJSFcTlNEaWN0aW9uYXJ5EgABhqBfEA9OU0tleWVkQXJjaGl2ZXIACAARABYAHwAoADIANQA6ADwARQBLAFIAXQBlAGwAbwBxAHMAdgB4AHoAfACGAJMAmACgAn4CgAKFAo4CmQKdAqsCsgK7AvEC9gL5AwYDCwAAAAAAAAIBAAAAAAAAACgAAAAAAAAAAAAAAAAAAAMd}}

@article{sandoval,
	Author = {William A. Sandoval and Philip Bell},
	Date-Added = {2010-06-21 01:45:29 -0400},
	Date-Modified = {2010-06-21 01:49:44 -0400},
	Journal = {Educational Psychologist},
	Number = {4},
	Pages = {199-201},
	Title = {Design-Based Research Methods for Studying Learning in Context},
	Volume = {49},
	Year = {2004},
	Bdsk-File-1 = {YnBsaXN0MDDUAQIDBAUIJidUJHRvcFgkb2JqZWN0c1gkdmVyc2lvblkkYXJjaGl2ZXLRBgdUcm9vdIABqAkKFRYXGyIjVSRudWxs0wsMDQ4RFFpOUy5vYmplY3RzV05TLmtleXNWJGNsYXNzog8QgASABqISE4ACgAOAB1lhbGlhc0RhdGFccmVsYXRpdmVQYXRo0hgNGRpXTlMuZGF0YU8RAd4AAAAAAd4AAgAADE1hY2ludG9zaCBIRAAAAAAAAAAAAAAAAAAAAMa9Q4xIKwAAAAlR2h9zYW5kb3ZhbC1kZXNpZ24tYmFzZWQjOTUyMEMucGRmAAAAAAAAAAAAAAAAAAAAAAAAAAAAAAAAAAAAAAAAAAAACVIMxs6L5wAAAAAAAAAAAAIAAwAACSAAAAAAAAAAAAAAAAAAAAAGcGFwZXJzABAACAAAxr17zAAAABEACAAAxs7EJwAAAAEAFAAJUdoACVGhAAlAvAAJLzQAAJGfAAIAS01hY2ludG9zaCBIRDpVc2VyczptYXJrOmNsYXNzZXM6ZnJlZDpwYXBlcnM6c2FuZG92YWwtZGVzaWduLWJhc2VkIzk1MjBDLnBkZgAADgBGACIAcwBhAG4AZABvAHYAYQBsAC0AZABlAHMAaQBnAG4ALQBiAGEAcwBlAGQALQByAGUAcwBlAGEAcgBjAGgALgBwAGQAZgAPABoADABNAGEAYwBpAG4AdABvAHMAaAAgAEgARAASAEFVc2Vycy9tYXJrL2NsYXNzZXMvZnJlZC9wYXBlcnMvc2FuZG92YWwtZGVzaWduLWJhc2VkLXJlc2VhcmNoLnBkZgAAEwABLwAAFQACAAv//wAAgAXSHB0eH1gkY2xhc3Nlc1okY2xhc3NuYW1lox8gIV1OU011dGFibGVEYXRhVk5TRGF0YVhOU09iamVjdF8QNC4uLy4uL2ZyZWQvcGFwZXJzL3NhbmRvdmFsLWRlc2lnbi1iYXNlZC1yZXNlYXJjaC5wZGbSHB0kJaIlIVxOU0RpY3Rpb25hcnkSAAGGoF8QD05TS2V5ZWRBcmNoaXZlcgAIABEAFgAfACgAMgA1ADoAPABFAEsAUgBdAGUAbABvAHEAcwB2AHgAegB8AIYAkwCYAKACggKEAokCkgKdAqECrwK2Ar8C9gL7Av4DCwMQAAAAAAAAAgEAAAAAAAAAKAAAAAAAAAAAAAAAAAAAAyI=}}

@article{welch,
	Author = {Malcolm Welch},
	Date-Added = {2010-06-21 01:43:43 -0400},
	Date-Modified = {2010-06-21 02:29:04 -0400},
	Journal = {Research in Science \& Technological Education},
	Number = {1},
	Pages = {19-34},
	Title = {Analyzing the Tacit Strategies of Novice Designers},
	Volume = {17},
	Year = {1999},
	Bdsk-File-1 = {YnBsaXN0MDDUAQIDBAUIJidUJHRvcFgkb2JqZWN0c1gkdmVyc2lvblkkYXJjaGl2ZXLRBgdUcm9vdIABqAkKFRYXGyIjVSRudWxs0wsMDQ4RFFpOUy5vYmplY3RzV05TLmtleXNWJGNsYXNzog8QgASABqISE4ACgAOAB1lhbGlhc0RhdGFccmVsYXRpdmVQYXRo0hgNGRpXTlMuZGF0YU8RAZAAAAAAAZAAAgAADE1hY2ludG9zaCBIRAAAAAAAAAAAAAAAAAAAAMa9Q4xIKwAAAAlR2g5XZWxjaFBhcGVyLnBkZgAAAAAAAAAAAAAAAAAAAAAAAAAAAAAAAAAAAAAAAAAAAAAAAAAAAAAAAAAAAAAAAAAACVIOxs7SeQAAAAAAAAAAAAIAAwAACSAAAAAAAAAAAAAAAAAAAAAGcGFwZXJzABAACAAAxr17zAAAABEACAAAxs8KuQAAAAEAFAAJUdoACVGhAAlAvAAJLzQAAJGfAAIAOk1hY2ludG9zaCBIRDpVc2VyczptYXJrOmNsYXNzZXM6ZnJlZDpwYXBlcnM6V2VsY2hQYXBlci5wZGYADgAeAA4AVwBlAGwAYwBoAFAAYQBwAGUAcgAuAHAAZABmAA8AGgAMAE0AYQBjAGkAbgB0AG8AcwBoACAASABEABIALVVzZXJzL21hcmsvY2xhc3Nlcy9mcmVkL3BhcGVycy9XZWxjaFBhcGVyLnBkZgAAEwABLwAAFQACAAv//wAAgAXSHB0eH1gkY2xhc3Nlc1okY2xhc3NuYW1lox8gIV1OU011dGFibGVEYXRhVk5TRGF0YVhOU09iamVjdF8QIC4uLy4uL2ZyZWQvcGFwZXJzL1dlbGNoUGFwZXIucGRm0hwdJCWiJSFcTlNEaWN0aW9uYXJ5EgABhqBfEA9OU0tleWVkQXJjaGl2ZXIACAARABYAHwAoADIANQA6ADwARQBLAFIAXQBlAGwAbwBxAHMAdgB4AHoAfACGAJMAmACgAjQCNgI7AkQCTwJTAmECaAJxApQCmQKcAqkCrgAAAAAAAAIBAAAAAAAAACgAAAAAAAAAAAAAAAAAAALA}}

@article{chinn-samar,
	Author = {Clark A. Chinn and Ala Samarapungavan},
	Date-Added = {2010-06-21 01:40:56 -0400},
	Date-Modified = {2010-06-21 01:43:27 -0400},
	Institution = {College of Education, The Ohio State University},
	Journal = {Theory Into Practice},
	Month = {Autumn},
	Number = {4},
	Title = {Distinguishing Between Understanding and Belief},
	Volume = {40},
	Year = {2001},
	Bdsk-File-1 = {YnBsaXN0MDDUAQIDBAUIJidUJHRvcFgkb2JqZWN0c1gkdmVyc2lvblkkYXJjaGl2ZXLRBgdUcm9vdIABqAkKFRYXGyIjVSRudWxs0wsMDQ4RFFpOUy5vYmplY3RzV05TLmtleXNWJGNsYXNzog8QgASABqISE4ACgAOAB1lhbGlhc0RhdGFccmVsYXRpdmVQYXRo0hgNGRpXTlMuZGF0YU8RAgoAAAAAAgoAAgAADE1hY2ludG9zaCBIRAAAAAAAAAAAAAAAAAAAAMa9Q4xIKwAAAAlR2h9jaGlubiBzYW1hcmFwdW5nYXZhbiAjOTUxRkMucGRmAAAAAAAAAAAAAAAAAAAAAAAAAAAAAAAAAAAAAAAAAAAACVH8xvs1vAAAAAAAAAAAAAIAAwAACSAAAAAAAAAAAAAAAAAAAAAGcGFwZXJzABAACAAAxr17zAAAABEACAAAxvtt/AAAAAEAFAAJUdoACVGhAAlAvAAJLzQAAJGfAAIAS01hY2ludG9zaCBIRDpVc2VyczptYXJrOmNsYXNzZXM6ZnJlZDpwYXBlcnM6Y2hpbm4gc2FtYXJhcHVuZ2F2YW4gIzk1MUZDLnBkZgAADgBkADEAYwBoAGkAbgBuACAAcwBhAG0AYQByAGEAcAB1AG4AZwBhAHYAYQBuACAAYgBlAGwAaQBlAGYAIABhAG4AZAAgAHUAbgBkAGUAcgBzAHQAYQBuAGQAaQBuAGcALgBwAGQAZgAPABoADABNAGEAYwBpAG4AdABvAHMAaAAgAEgARAASAFBVc2Vycy9tYXJrL2NsYXNzZXMvZnJlZC9wYXBlcnMvY2hpbm4gc2FtYXJhcHVuZ2F2YW4gYmVsaWVmIGFuZCB1bmRlcnN0YW5kaW5nLnBkZgATAAEvAAAVAAIAC///AACABdIcHR4fWCRjbGFzc2VzWiRjbGFzc25hbWWjHyAhXU5TTXV0YWJsZURhdGFWTlNEYXRhWE5TT2JqZWN0XxBDLi4vLi4vZnJlZC9wYXBlcnMvY2hpbm4gc2FtYXJhcHVuZ2F2YW4gYmVsaWVmIGFuZCB1bmRlcnN0YW5kaW5nLnBkZtIcHSQloiUhXE5TRGljdGlvbmFyeRIAAYagXxAPTlNLZXllZEFyY2hpdmVyAAgAEQAWAB8AKAAyADUAOgA8AEUASwBSAF0AZQBsAG8AcQBzAHYAeAB6AHwAhgCTAJgAoAKuArACtQK+AskCzQLbAuIC6wMxAzYDOQNGA0sAAAAAAAACAQAAAAAAAAAoAAAAAAAAAAAAAAAAAAADXQ==}}

@article{p33-wing,
	Author = {Jeannette M. Wing},
	Date-Added = {2010-06-21 01:39:26 -0400},
	Date-Modified = {2010-06-21 01:40:38 -0400},
	Journal = {Communications of the ACM},
	Month = {March},
	Number = {3},
	Pages = {33-35},
	Title = {Computational Thinking},
	Volume = {49},
	Year = {2006},
	Bdsk-File-1 = {YnBsaXN0MDDUAQIDBAUIJidUJHRvcFgkb2JqZWN0c1gkdmVyc2lvblkkYXJjaGl2ZXLRBgdUcm9vdIABqAkKFRYXGyIjVSRudWxs0wsMDQ4RFFpOUy5vYmplY3RzV05TLmtleXNWJGNsYXNzog8QgASABqISE4ACgAOAB1lhbGlhc0RhdGFccmVsYXRpdmVQYXRo0hgNGRpXTlMuZGF0YU8RAYgAAAAAAYgAAgAADE1hY2ludG9zaCBIRAAAAAAAAAAAAAAAAAAAAMa9Q4xIKwAAAAlR2gxwMzMtd2luZy5wZGYAAAAAAAAAAAAAAAAAAAAAAAAAAAAAAAAAAAAAAAAAAAAAAAAAAAAAAAAAAAAAAAAAAAAACVIGxt0+wAAAAAAAAAAAAAIAAwAACSAAAAAAAAAAAAAAAAAAAAAGcGFwZXJzABAACAAAxr17zAAAABEACAAAxt13AAAAAAEAFAAJUdoACVGhAAlAvAAJLzQAAJGfAAIAOE1hY2ludG9zaCBIRDpVc2VyczptYXJrOmNsYXNzZXM6ZnJlZDpwYXBlcnM6cDMzLXdpbmcucGRmAA4AGgAMAHAAMwAzAC0AdwBpAG4AZwAuAHAAZABmAA8AGgAMAE0AYQBjAGkAbgB0AG8AcwBoACAASABEABIAK1VzZXJzL21hcmsvY2xhc3Nlcy9mcmVkL3BhcGVycy9wMzMtd2luZy5wZGYAABMAAS8AABUAAgAL//8AAIAF0hwdHh9YJGNsYXNzZXNaJGNsYXNzbmFtZaMfICFdTlNNdXRhYmxlRGF0YVZOU0RhdGFYTlNPYmplY3RfEB4uLi8uLi9mcmVkL3BhcGVycy9wMzMtd2luZy5wZGbSHB0kJaIlIVxOU0RpY3Rpb25hcnkSAAGGoF8QD05TS2V5ZWRBcmNoaXZlcgAIABEAFgAfACgAMgA1ADoAPABFAEsAUgBdAGUAbABvAHEAcwB2AHgAegB8AIYAkwCYAKACLAIuAjMCPAJHAksCWQJgAmkCigKPApICnwKkAAAAAAAAAgEAAAAAAAAAKAAAAAAAAAAAAAAAAAAAArY=}}

@article{atman-2003,
	Author = {Robin S. Adams and Jennifer Turns and Cynthia J. Atman},
	Date-Added = {2010-06-21 01:37:34 -0400},
	Date-Modified = {2010-06-21 01:49:28 -0400},
	Journal = {Design Studies},
	Pages = {275-294},
	Title = {Educating effective engineering designers: the role of reflective practice},
	Volume = {24},
	Year = {2003},
	Bdsk-File-1 = {YnBsaXN0MDDUAQIDBAUIJidUJHRvcFgkb2JqZWN0c1gkdmVyc2lvblkkYXJjaGl2ZXLRBgdUcm9vdIABqAkKFRYXGyIjVSRudWxs0wsMDQ4RFFpOUy5vYmplY3RzV05TLmtleXNWJGNsYXNzog8QgASABqISE4ACgAOAB1lhbGlhc0RhdGFccmVsYXRpdmVQYXRo0hgNGRpXTlMuZGF0YU8RApgAAAAAApgAAgAADE1hY2ludG9zaCBIRAAAAAAAAAAAAAAAAAAAAMa9Q4xIKwAAAAlR2h9FZHVjYXRpbmcgZWZmZWN0aXZlIGUjOTUxRkQucGRmAAAAAAAAAAAAAAAAAAAAAAAAAAAAAAAAAAAAAAAAAAAACVH9xycm9gAAAAAAAAAAAAIAAwAACSAAAAAAAAAAAAAAAAAAAAAGcGFwZXJzABAACAAAxr17zAAAABEACAAAxydtRgAAAAEAFAAJUdoACVGhAAlAvAAJLzQAAJGfAAIAS01hY2ludG9zaCBIRDpVc2VyczptYXJrOmNsYXNzZXM6ZnJlZDpwYXBlcnM6RWR1Y2F0aW5nIGVmZmVjdGl2ZSBlIzk1MUZELnBkZgAADgDCAGAARQBkAHUAYwBhAHQAaQBuAGcAIABlAGYAZgBlAGMAdABpAHYAZQAgAGUAbgBnAGkAbgBlAGUAcgBpAG4AZwAgAGQAZQBzAGkAZwBuAGUAcgBzACAALQAgAHQAaABlACAAcgBvAGwAZQAgAG8AZgAgAHIAZQBmAGwAZQBjAHQAaQB2AGUAIABwAHIAYQBjAHQAaQBjAGUAIABBAGQAYQBtAHMAIABBAHQAbQBhAG4AIAAyADAAMAAzAC4AcABkAGYADwAaAAwATQBhAGMAaQBuAHQAbwBzAGgAIABIAEQAEgB/VXNlcnMvbWFyay9jbGFzc2VzL2ZyZWQvcGFwZXJzL0VkdWNhdGluZyBlZmZlY3RpdmUgZW5naW5lZXJpbmcgZGVzaWduZXJzIC0gdGhlIHJvbGUgb2YgcmVmbGVjdGl2ZSBwcmFjdGljZSBBZGFtcyBBdG1hbiAyMDAzLnBkZgAAEwABLwAAFQACAAv//wAAgAXSHB0eH1gkY2xhc3Nlc1okY2xhc3NuYW1lox8gIV1OU011dGFibGVEYXRhVk5TRGF0YVhOU09iamVjdF8Qci4uLy4uL2ZyZWQvcGFwZXJzL0VkdWNhdGluZyBlZmZlY3RpdmUgZW5naW5lZXJpbmcgZGVzaWduZXJzIC0gdGhlIHJvbGUgb2YgcmVmbGVjdGl2ZSBwcmFjdGljZSBBZGFtcyBBdG1hbiAyMDAzLnBkZtIcHSQloiUhXE5TRGljdGlvbmFyeRIAAYagXxAPTlNLZXllZEFyY2hpdmVyAAgAEQAWAB8AKAAyADUAOgA8AEUASwBSAF0AZQBsAG8AcQBzAHYAeAB6AHwAhgCTAJgAoAM8Az4DQwNMA1cDWwNpA3ADeQPuA/MD9gQDBAgAAAAAAAACAQAAAAAAAAAoAAAAAAAAAAAAAAAAAAAEGg==}}

@article{atman-1999,
	Author = {Cynthia J. Atman and Justin R. Chimka and Karen M. Bursic and Heather L. Nachtmann},
	Date-Added = {2010-06-21 01:34:55 -0400},
	Date-Modified = {2010-06-21 01:49:20 -0400},
	Journal = {Design Studies},
	Pages = {131-152},
	Title = {A comparison of freshman and senior engineering design processes},
	Volume = {20},
	Year = {1999},
	Bdsk-File-1 = {YnBsaXN0MDDUAQIDBAUIJidUJHRvcFgkb2JqZWN0c1gkdmVyc2lvblkkYXJjaGl2ZXLRBgdUcm9vdIABqAkKFRYXGyIjVSRudWxs0wsMDQ4RFFpOUy5vYmplY3RzV05TLmtleXNWJGNsYXNzog8QgASABqISE4ACgAOAB1lhbGlhc0RhdGFccmVsYXRpdmVQYXRo0hgNGRpXTlMuZGF0YU8RAmQAAAAAAmQAAgAADE1hY2ludG9zaCBIRAAAAAAAAAAAAAAAAAAAAMa9Q4xIKwAAAAlR2h9BIGNvbXBhcmlzb24gb2YgZnJlc2gjOTUxRjkucGRmAAAAAAAAAAAAAAAAAAAAAAAAAAAAAAAAAAAAAAAAAAAACVH5xycm6AAAAAAAAAAAAAIAAwAACSAAAAAAAAAAAAAAAAAAAAAGcGFwZXJzABAACAAAxr17zAAAABEACAAAxydtOAAAAAEAFAAJUdoACVGhAAlAvAAJLzQAAJGfAAIAS01hY2ludG9zaCBIRDpVc2VyczptYXJrOmNsYXNzZXM6ZnJlZDpwYXBlcnM6QSBjb21wYXJpc29uIG9mIGZyZXNoIzk1MUY5LnBkZgAADgCgAE8AQQAgAGMAbwBtAHAAYQByAGkAcwBvAG4AIABvAGYAIABmAHIAZQBzAGgAbQBhAG4AIABhAG4AZAAgAHMAZQBuAGkAbwByACAAZQBuAGcAaQBuAGUAZQByAGkAbgBnACAAZABlAHMAaQBnAG4AIABwAHIAbwBjAGUAcwBzAGUAcwAgAEEAdABtAGEAbgAgADEAOQA5ADkALgBwAGQAZgAPABoADABNAGEAYwBpAG4AdABvAHMAaAAgAEgARAASAG5Vc2Vycy9tYXJrL2NsYXNzZXMvZnJlZC9wYXBlcnMvQSBjb21wYXJpc29uIG9mIGZyZXNobWFuIGFuZCBzZW5pb3IgZW5naW5lZXJpbmcgZGVzaWduIHByb2Nlc3NlcyBBdG1hbiAxOTk5LnBkZgATAAEvAAAVAAIAC///AACABdIcHR4fWCRjbGFzc2VzWiRjbGFzc25hbWWjHyAhXU5TTXV0YWJsZURhdGFWTlNEYXRhWE5TT2JqZWN0XxBhLi4vLi4vZnJlZC9wYXBlcnMvQSBjb21wYXJpc29uIG9mIGZyZXNobWFuIGFuZCBzZW5pb3IgZW5naW5lZXJpbmcgZGVzaWduIHByb2Nlc3NlcyBBdG1hbiAxOTk5LnBkZtIcHSQloiUhXE5TRGljdGlvbmFyeRIAAYagXxAPTlNLZXllZEFyY2hpdmVyAAgAEQAWAB8AKAAyADUAOgA8AEUASwBSAF0AZQBsAG8AcQBzAHYAeAB6AHwAhgCTAJgAoAMIAwoDDwMYAyMDJwM1AzwDRQOpA64DsQO+A8MAAAAAAAACAQAAAAAAAAAoAAAAAAAAAAAAAAAAAAAD1Q==}}

@phdthesis{fred-phd,
	Author = {Fred G. Martin},
	Date-Added = {2010-06-21 01:32:55 -0400},
	Date-Modified = {2010-06-21 01:34:20 -0400},
	Month = {April},
	School = {Massachusetts Institute of Technology},
	Title = {Circuits to Control: Learning Engineering by Designing LEGO Robots},
	Year = {1994},
	Bdsk-File-1 = {YnBsaXN0MDDUAQIDBAUIJidUJHRvcFgkb2JqZWN0c1gkdmVyc2lvblkkYXJjaGl2ZXLRBgdUcm9vdIABqAkKFRYXGyIjVSRudWxs0wsMDQ4RFFpOUy5vYmplY3RzV05TLmtleXNWJGNsYXNzog8QgASABqISE4ACgAOAB1lhbGlhc0RhdGFccmVsYXRpdmVQYXRo0hgNGRpXTlMuZGF0YU8RAawAAAAAAawAAgAADE1hY2ludG9zaCBIRAAAAAAAAAAAAAAAAAAAAMa9Q4xIKwAAAAlR2hVmcmVkLXBoZC0zMTUwMzIzMi5wZGYAAAAAAAAAAAAAAAAAAAAAAAAAAAAAAAAAAAAAAAAAAAAAAAAAAAAAAAAACVH+xs6LFwAAAAAAAAAAAAIAAwAACSAAAAAAAAAAAAAAAAAAAAAGcGFwZXJzABAACAAAxr17zAAAABEACAAAxs7DVwAAAAEAFAAJUdoACVGhAAlAvAAJLzQAAJGfAAIAQU1hY2ludG9zaCBIRDpVc2VyczptYXJrOmNsYXNzZXM6ZnJlZDpwYXBlcnM6ZnJlZC1waGQtMzE1MDMyMzIucGRmAAAOACwAFQBmAHIAZQBkAC0AcABoAGQALQAzADEANQAwADMAMgAzADIALgBwAGQAZgAPABoADABNAGEAYwBpAG4AdABvAHMAaAAgAEgARAASADRVc2Vycy9tYXJrL2NsYXNzZXMvZnJlZC9wYXBlcnMvZnJlZC1waGQtMzE1MDMyMzIucGRmABMAAS8AABUAAgAL//8AAIAF0hwdHh9YJGNsYXNzZXNaJGNsYXNzbmFtZaMfICFdTlNNdXRhYmxlRGF0YVZOU0RhdGFYTlNPYmplY3RfECcuLi8uLi9mcmVkL3BhcGVycy9mcmVkLXBoZC0zMTUwMzIzMi5wZGbSHB0kJaIlIVxOU0RpY3Rpb25hcnkSAAGGoF8QD05TS2V5ZWRBcmNoaXZlcgAIABEAFgAfACgAMgA1ADoAPABFAEsAUgBdAGUAbABvAHEAcwB2AHgAegB8AIYAkwCYAKACUAJSAlcCYAJrAm8CfQKEAo0CtwK8Ar8CzALRAAAAAAAAAgEAAAAAAAAAKAAAAAAAAAAAAAAAAAAAAuM=}}

@article{ArtofLEGO,
	Author = {Fred G. Martin},
	Date-Added = {2010-06-21 01:31:08 -0400},
	Date-Modified = {2010-06-21 01:32:39 -0400},
	Journal = {The Journal for Robot Builders},
	Month = {March},
	Number = {2},
	Title = {The Art of LEGO Design},
	Volume = {1},
	Year = {1995},
	Bdsk-File-1 = {YnBsaXN0MDDUAQIDBAUIJidUJHRvcFgkb2JqZWN0c1gkdmVyc2lvblkkYXJjaGl2ZXLRBgdUcm9vdIABqAkKFRYXGyIjVSRudWxs0wsMDQ4RFFpOUy5vYmplY3RzV05TLmtleXNWJGNsYXNzog8QgASABqISE4ACgAOAB1lhbGlhc0RhdGFccmVsYXRpdmVQYXRo0hgNGRpXTlMuZGF0YU8RAcgAAAAAAcgAAgAADE1hY2ludG9zaCBIRAAAAAAAAAAAAAAAAAAAAMa9Q4xIKwAAAAlR2hxBcnQgb2YgTEVHTyBEZXNpZ24gYnkgRk0ucGRmAAAAAAAAAAAAAAAAAAAAAAAAAAAAAAAAAAAAAAAAAAAAAAAACVH6xylNGwAAAAAAAAAAAAIAAwAACSAAAAAAAAAAAAAAAAAAAAAGcGFwZXJzABAACAAAxr17zAAAABEACAAAxymTawAAAAEAFAAJUdoACVGhAAlAvAAJLzQAAJGfAAIASE1hY2ludG9zaCBIRDpVc2VyczptYXJrOmNsYXNzZXM6ZnJlZDpwYXBlcnM6QXJ0IG9mIExFR08gRGVzaWduIGJ5IEZNLnBkZgAOADoAHABBAHIAdAAgAG8AZgAgAEwARQBHAE8AIABEAGUAcwBpAGcAbgAgAGIAeQAgAEYATQAuAHAAZABmAA8AGgAMAE0AYQBjAGkAbgB0AG8AcwBoACAASABEABIAO1VzZXJzL21hcmsvY2xhc3Nlcy9mcmVkL3BhcGVycy9BcnQgb2YgTEVHTyBEZXNpZ24gYnkgRk0ucGRmAAATAAEvAAAVAAIAC///AACABdIcHR4fWCRjbGFzc2VzWiRjbGFzc25hbWWjHyAhXU5TTXV0YWJsZURhdGFWTlNEYXRhWE5TT2JqZWN0XxAuLi4vLi4vZnJlZC9wYXBlcnMvQXJ0IG9mIExFR08gRGVzaWduIGJ5IEZNLnBkZtIcHSQloiUhXE5TRGljdGlvbmFyeRIAAYagXxAPTlNLZXllZEFyY2hpdmVyAAgAEQAWAB8AKAAyADUAOgA8AEUASwBSAF0AZQBsAG8AcQBzAHYAeAB6AHwAhgCTAJgAoAJsAm4CcwJ8AocCiwKZAqACqQLaAt8C4gLvAvQAAAAAAAACAQAAAAAAAAAoAAAAAAAAAAAAAAAAAAADBg==}}

@conference{p47-felleisen,
	Address = {Edinburgh, Scotland, UK},
	Author = {Matthias Felleisen and Robert Bruce Findler and Matthew Flatt and Shriram Krishnamurthi},
	Booktitle = {ICFP'09},
	Date-Added = {2010-06-21 01:28:24 -0400},
	Date-Modified = {2010-06-21 01:30:54 -0400},
	Month = {August},
	Number = {978-1-60558-332-7},
	Organization = {ACM},
	Title = {A Functional I/O System or Fun for Freshman Kids},
	Year = {2009},
	Bdsk-File-1 = {YnBsaXN0MDDUAQIDBAUIJidUJHRvcFgkb2JqZWN0c1gkdmVyc2lvblkkYXJjaGl2ZXLRBgdUcm9vdIABqAkKFRYXGyIjVSRudWxs0wsMDQ4RFFpOUy5vYmplY3RzV05TLmtleXNWJGNsYXNzog8QgASABqISE4ACgAOAB1lhbGlhc0RhdGFccmVsYXRpdmVQYXRo0hgNGRpXTlMuZGF0YU8RAZwAAAAAAZwAAgAADE1hY2ludG9zaCBIRAAAAAAAAAAAAAAAAAAAAMa9Q4xIKwAAAAlR2hFwNDctZmVsbGVpc2VuLnBkZgAAAAAAAAAAAAAAAAAAAAAAAAAAAAAAAAAAAAAAAAAAAAAAAAAAAAAAAAAAAAAACVIHxy7q0gAAAAAAAAAAAAIAAwAACSAAAAAAAAAAAAAAAAAAAAAGcGFwZXJzABAACAAAxr17zAAAABEACAAAxy8xIgAAAAEAFAAJUdoACVGhAAlAvAAJLzQAAJGfAAIAPU1hY2ludG9zaCBIRDpVc2VyczptYXJrOmNsYXNzZXM6ZnJlZDpwYXBlcnM6cDQ3LWZlbGxlaXNlbi5wZGYAAA4AJAARAHAANAA3AC0AZgBlAGwAbABlAGkAcwBlAG4ALgBwAGQAZgAPABoADABNAGEAYwBpAG4AdABvAHMAaAAgAEgARAASADBVc2Vycy9tYXJrL2NsYXNzZXMvZnJlZC9wYXBlcnMvcDQ3LWZlbGxlaXNlbi5wZGYAEwABLwAAFQACAAv//wAAgAXSHB0eH1gkY2xhc3Nlc1okY2xhc3NuYW1lox8gIV1OU011dGFibGVEYXRhVk5TRGF0YVhOU09iamVjdF8QIy4uLy4uL2ZyZWQvcGFwZXJzL3A0Ny1mZWxsZWlzZW4ucGRm0hwdJCWiJSFcTlNEaWN0aW9uYXJ5EgABhqBfEA9OU0tleWVkQXJjaGl2ZXIACAARABYAHwAoADIANQA6ADwARQBLAFIAXQBlAGwAbwBxAHMAdgB4AHoAfACGAJMAmACgAkACQgJHAlACWwJfAm0CdAJ9AqMCqAKrArgCvQAAAAAAAAIBAAAAAAAAACgAAAAAAAAAAAAAAAAAAALP}}

@conference{dow09,
	Address = {Berkeley, California, USA},
	Author = {Steven P. Dow and Kate Heddleston and Scott R. Klemmer},
	Booktitle = {C{\&}C'09},
	Date-Added = {2010-06-21 01:20:05 -0400},
	Date-Modified = {2010-11-21 12:15:18 -0500},
	Keywords = {iteration, experience, egg drop},
	Month = {October},
	Organization = {ACM},
	Title = {The Efficacy of Prototyping Under Time Constraints},
	Year = {2009},
	Bdsk-File-1 = {YnBsaXN0MDDUAQIDBAUIJidUJHRvcFgkb2JqZWN0c1gkdmVyc2lvblkkYXJjaGl2ZXLRBgdUcm9vdIABqAkKFRYXGyIjVSRudWxs0wsMDQ4RFFpOUy5vYmplY3RzV05TLmtleXNWJGNsYXNzog8QgASABqISE4ACgAOAB1lhbGlhc0RhdGFccmVsYXRpdmVQYXRo0hgNGRpXTlMuZGF0YU8RAcgAAAAAAcgAAgAADE1hY2ludG9zaCBIRAAAAAAAAAAAAAAAAAAAAMa9Q4xIKwAAAAlR2hxQcm90b3R5cGluZ0VmZmljYWN5LUNDMDkucGRmAAAAAAAAAAAAAAAAAAAAAAAAAAAAAAAAAAAAAAAAAAAAAAAACVIKx3SFRQAAAAAAAAAAAAIAAwAACSAAAAAAAAAAAAAAAAAAAAAGcGFwZXJzABAACAAAxr17zAAAABEACAAAx3TLlQAAAAEAFAAJUdoACVGhAAlAvAAJLzQAAJGfAAIASE1hY2ludG9zaCBIRDpVc2VyczptYXJrOmNsYXNzZXM6ZnJlZDpwYXBlcnM6UHJvdG90eXBpbmdFZmZpY2FjeS1DQzA5LnBkZgAOADoAHABQAHIAbwB0AG8AdAB5AHAAaQBuAGcARQBmAGYAaQBjAGEAYwB5AC0AQwBDADAAOQAuAHAAZABmAA8AGgAMAE0AYQBjAGkAbgB0AG8AcwBoACAASABEABIAO1VzZXJzL21hcmsvY2xhc3Nlcy9mcmVkL3BhcGVycy9Qcm90b3R5cGluZ0VmZmljYWN5LUNDMDkucGRmAAATAAEvAAAVAAIAC///AACABdIcHR4fWCRjbGFzc2VzWiRjbGFzc25hbWWjHyAhXU5TTXV0YWJsZURhdGFWTlNEYXRhWE5TT2JqZWN0XxAuLi4vLi4vZnJlZC9wYXBlcnMvUHJvdG90eXBpbmdFZmZpY2FjeS1DQzA5LnBkZtIcHSQloiUhXE5TRGljdGlvbmFyeRIAAYagXxAPTlNLZXllZEFyY2hpdmVyAAgAEQAWAB8AKAAyADUAOgA8AEUASwBSAF0AZQBsAG8AcQBzAHYAeAB6AHwAhgCTAJgAoAJsAm4CcwJ8AocCiwKZAqACqQLaAt8C4gLvAvQAAAAAAAACAQAAAAAAAAAoAAAAAAAAAAAAAAAAAAADBg==}}

@article{lesh03,
	Annote = {MEA
Model-elliciting activty},
	Author = {Richard Lesh and Guershon Harel},
	Date-Added = {2010-06-21 01:17:57 -0400},
	Date-Modified = {2010-11-11 14:03:52 -0500},
	Journal = {Mathematical Thinking and Learning},
	Keywords = {MEA},
	Number = {2-3},
	Pages = {157-189},
	Title = {Problem Solving, Modeling, and Local Conceptual Development},
	Volume = {5},
	Year = {2003},
	Bdsk-File-1 = {YnBsaXN0MDDUAQIDBAUIJidUJHRvcFgkb2JqZWN0c1gkdmVyc2lvblkkYXJjaGl2ZXLRBgdUcm9vdIABqAkKFRYXGyIjVSRudWxs0wsMDQ4RFFpOUy5vYmplY3RzV05TLmtleXNWJGNsYXNzog8QgASABqISE4ACgAOAB1lhbGlhc0RhdGFccmVsYXRpdmVQYXRo0hgNGRpXTlMuZGF0YU8RAcwAAAAAAcwAAgAADE1hY2ludG9zaCBIRAAAAAAAAAAAAAAAAAAAAMa9Q4xIKwAAAAlR2h1tb2RlbC1lbGxpY2l0aW5nLWFjdGl2aXR5LnBkZgAAAAAAAAAAAAAAAAAAAAAAAAAAAAAAAAAAAAAAAAAAAAAACVICx3sb7QAAAAAAAAAAAAIAAwAACSAAAAAAAAAAAAAAAAAAAAAGcGFwZXJzABAACAAAxr17zAAAABEACAAAx3tiPQAAAAEAFAAJUdoACVGhAAlAvAAJLzQAAJGfAAIASU1hY2ludG9zaCBIRDpVc2VyczptYXJrOmNsYXNzZXM6ZnJlZDpwYXBlcnM6bW9kZWwtZWxsaWNpdGluZy1hY3Rpdml0eS5wZGYAAA4APAAdAG0AbwBkAGUAbAAtAGUAbABsAGkAYwBpAHQAaQBuAGcALQBhAGMAdABpAHYAaQB0AHkALgBwAGQAZgAPABoADABNAGEAYwBpAG4AdABvAHMAaAAgAEgARAASADxVc2Vycy9tYXJrL2NsYXNzZXMvZnJlZC9wYXBlcnMvbW9kZWwtZWxsaWNpdGluZy1hY3Rpdml0eS5wZGYAEwABLwAAFQACAAv//wAAgAXSHB0eH1gkY2xhc3Nlc1okY2xhc3NuYW1lox8gIV1OU011dGFibGVEYXRhVk5TRGF0YVhOU09iamVjdF8QLy4uLy4uL2ZyZWQvcGFwZXJzL21vZGVsLWVsbGljaXRpbmctYWN0aXZpdHkucGRm0hwdJCWiJSFcTlNEaWN0aW9uYXJ5EgABhqBfEA9OU0tleWVkQXJjaGl2ZXIACAARABYAHwAoADIANQA6ADwARQBLAFIAXQBlAGwAbwBxAHMAdgB4AHoAfACGAJMAmACgAnACcgJ3AoACiwKPAp0CpAKtAt8C5ALnAvQC+QAAAAAAAAIBAAAAAAAAACgAAAAAAAAAAAAAAAAAAAML}}

@conference{eckert09,
	Address = {Berkeley, California, USA},
	Author = {Claudia Eckert and David Wyatt and P John Clarkson},
	Booktitle = {C{\&}C'09},
	Date-Added = {2010-06-21 01:14:01 -0400},
	Date-Modified = {2010-11-21 12:23:38 -0500},
	Keywords = {work process, corporate engineering},
	Month = {October},
	Organization = {ACM},
	Title = {The Elusive Act of Synthesis: Creativity in the Conceptual Design of Complex Engineering Products},
	Year = {2009},
	Bdsk-File-1 = {YnBsaXN0MDDUAQIDBAUIJidUJHRvcFgkb2JqZWN0c1gkdmVyc2lvblkkYXJjaGl2ZXLRBgdUcm9vdIABqAkKFRYXGyIjVSRudWxs0wsMDQ4RFFpOUy5vYmplY3RzV05TLmtleXNWJGNsYXNzog8QgASABqISE4ACgAOAB1lhbGlhc0RhdGFccmVsYXRpdmVQYXRo0hgNGRpXTlMuZGF0YU8RAZQAAAAAAZQAAgAADE1hY2ludG9zaCBIRAAAAAAAAAAAAAAAAAAAAMa9Q4xIKwAAAAlR2g9wMjY1LWVja2VydC5wZGYAAAAAAAAAAAAAAAAAAAAAAAAAAAAAAAAAAAAAAAAAAAAAAAAAAAAAAAAAAAAAAAAACVIFx3scQAAAAAAAAAAAAAIAAwAACSAAAAAAAAAAAAAAAAAAAAAGcGFwZXJzABAACAAAxr17zAAAABEACAAAx3tikAAAAAEAFAAJUdoACVGhAAlAvAAJLzQAAJGfAAIAO01hY2ludG9zaCBIRDpVc2VyczptYXJrOmNsYXNzZXM6ZnJlZDpwYXBlcnM6cDI2NS1lY2tlcnQucGRmAAAOACAADwBwADIANgA1AC0AZQBjAGsAZQByAHQALgBwAGQAZgAPABoADABNAGEAYwBpAG4AdABvAHMAaAAgAEgARAASAC5Vc2Vycy9tYXJrL2NsYXNzZXMvZnJlZC9wYXBlcnMvcDI2NS1lY2tlcnQucGRmABMAAS8AABUAAgAL//8AAIAF0hwdHh9YJGNsYXNzZXNaJGNsYXNzbmFtZaMfICFdTlNNdXRhYmxlRGF0YVZOU0RhdGFYTlNPYmplY3RfECEuLi8uLi9mcmVkL3BhcGVycy9wMjY1LWVja2VydC5wZGbSHB0kJaIlIVxOU0RpY3Rpb25hcnkSAAGGoF8QD05TS2V5ZWRBcmNoaXZlcgAIABEAFgAfACgAMgA1ADoAPABFAEsAUgBdAGUAbABvAHEAcwB2AHgAegB8AIYAkwCYAKACOAI6Aj8CSAJTAlcCZQJsAnUCmQKeAqECrgKzAAAAAAAAAgEAAAAAAAAAKAAAAAAAAAAAAAAAAAAAAsU=}}

@misc{REESE,
	Author = {Michelle Scribner-MacLean},
	Date-Added = {2010-06-21 01:08:17 -0400},
	Date-Modified = {2010-06-21 01:13:22 -0400},
	Howpublished = {NSF REESE Proposal},
	Month = {December},
	Title = {Exploration of Design Thinking Patterns in Informal and Formal Settings},
	Year = {2009},
	Bdsk-File-1 = {YnBsaXN0MDDUAQIDBAUIJidUJHRvcFgkb2JqZWN0c1gkdmVyc2lvblkkYXJjaGl2ZXLRBgdUcm9vdIABqAkKFRYXGyIjVSRudWxs0wsMDQ4RFFpOUy5vYmplY3RzV05TLmtleXNWJGNsYXNzog8QgASABqISE4ACgAOAB1lhbGlhc0RhdGFccmVsYXRpdmVQYXRo0hgNGRpXTlMuZGF0YU8RAbAAAAAAAbAAAgAADE1hY2ludG9zaCBIRAAAAAAAAAAAAAAAAAAAAMa9Q4xIKwAAAAlR2hZSRUVTRUZpbmFsUHJvcG9zYWwucGRmAAAAAAAAAAAAAAAAAAAAAAAAAAAAAAAAAAAAAAAAAAAAAAAAAAAAAAAACVILxs7ISgAAAAAAAAAAAAIAAwAACSAAAAAAAAAAAAAAAAAAAAAGcGFwZXJzABAACAAAxr17zAAAABEACAAAxs8AigAAAAEAFAAJUdoACVGhAAlAvAAJLzQAAJGfAAIAQk1hY2ludG9zaCBIRDpVc2VyczptYXJrOmNsYXNzZXM6ZnJlZDpwYXBlcnM6UkVFU0VGaW5hbFByb3Bvc2FsLnBkZgAOAC4AFgBSAEUARQBTAEUARgBpAG4AYQBsAFAAcgBvAHAAbwBzAGEAbAAuAHAAZABmAA8AGgAMAE0AYQBjAGkAbgB0AG8AcwBoACAASABEABIANVVzZXJzL21hcmsvY2xhc3Nlcy9mcmVkL3BhcGVycy9SRUVTRUZpbmFsUHJvcG9zYWwucGRmAAATAAEvAAAVAAIAC///AACABdIcHR4fWCRjbGFzc2VzWiRjbGFzc25hbWWjHyAhXU5TTXV0YWJsZURhdGFWTlNEYXRhWE5TT2JqZWN0XxAoLi4vLi4vZnJlZC9wYXBlcnMvUkVFU0VGaW5hbFByb3Bvc2FsLnBkZtIcHSQloiUhXE5TRGljdGlvbmFyeRIAAYagXxAPTlNLZXllZEFyY2hpdmVyAAgAEQAWAB8AKAAyADUAOgA8AEUASwBSAF0AZQBsAG8AcQBzAHYAeAB6AHwAhgCTAJgAoAJUAlYCWwJkAm8CcwKBAogCkQK8AsECxALRAtYAAAAAAAACAQAAAAAAAAAoAAAAAAAAAAAAAAAAAAAC6A==},
	Bdsk-File-2 = {YnBsaXN0MDDUAQIDBAUIJidUJHRvcFgkb2JqZWN0c1gkdmVyc2lvblkkYXJjaGl2ZXLRBgdUcm9vdIABqAkKFRYXGyIjVSRudWxs0wsMDQ4RFFpOUy5vYmplY3RzV05TLmtleXNWJGNsYXNzog8QgASABqISE4ACgAOAB1lhbGlhc0RhdGFccmVsYXRpdmVQYXRo0hgNGRpXTlMuZGF0YU8RAZQAAAAAAZQAAgAADE1hY2ludG9zaCBIRAAAAAAAAAAAAAAAAAAAAMa9Q4xIKwAAAAlR2g9wMjY1LWVja2VydC5wZGYAAAAAAAAAAAAAAAAAAAAAAAAAAAAAAAAAAAAAAAAAAAAAAAAAAAAAAAAAAAAAAAAACVIFx3scQAAAAAAAAAAAAAIAAwAACSAAAAAAAAAAAAAAAAAAAAAGcGFwZXJzABAACAAAxr17zAAAABEACAAAx3tikAAAAAEAFAAJUdoACVGhAAlAvAAJLzQAAJGfAAIAO01hY2ludG9zaCBIRDpVc2VyczptYXJrOmNsYXNzZXM6ZnJlZDpwYXBlcnM6cDI2NS1lY2tlcnQucGRmAAAOACAADwBwADIANgA1AC0AZQBjAGsAZQByAHQALgBwAGQAZgAPABoADABNAGEAYwBpAG4AdABvAHMAaAAgAEgARAASAC5Vc2Vycy9tYXJrL2NsYXNzZXMvZnJlZC9wYXBlcnMvcDI2NS1lY2tlcnQucGRmABMAAS8AABUAAgAL//8AAIAF0hwdHh9YJGNsYXNzZXNaJGNsYXNzbmFtZaMfICFdTlNNdXRhYmxlRGF0YVZOU0RhdGFYTlNPYmplY3RfECEuLi8uLi9mcmVkL3BhcGVycy9wMjY1LWVja2VydC5wZGbSHB0kJaIlIVxOU0RpY3Rpb25hcnkSAAGGoF8QD05TS2V5ZWRBcmNoaXZlcgAIABEAFgAfACgAMgA1ADoAPABFAEsAUgBdAGUAbABvAHEAcwB2AHgAegB8AIYAkwCYAKACOAI6Aj8CSAJTAlcCZQJsAnUCmQKeAqECrgKzAAAAAAAAAgEAAAAAAAAAKAAAAAAAAAAAAAAAAAAAAsU=}}

@unpublished{penta,
	Author = {Michael Penta},
	Date-Added = {2010-06-21 01:06:20 -0400},
	Date-Modified = {2010-06-21 01:07:50 -0400},
	Month = {April},
	Title = {Assessing Design in iCode - A Suggested Framework},
	Year = {2008},
	Bdsk-File-1 = {YnBsaXN0MDDUAQIDBAUIJidUJHRvcFgkb2JqZWN0c1gkdmVyc2lvblkkYXJjaGl2ZXLRBgdUcm9vdIABqAkKFRYXGyIjVSRudWxs0wsMDQ4RFFpOUy5vYmplY3RzV05TLmtleXNWJGNsYXNzog8QgASABqISE4ACgAOAB1lhbGlhc0RhdGFccmVsYXRpdmVQYXRo0hgNGRpXTlMuZGF0YU8RAcAAAAAAAcAAAgAADE1hY2ludG9zaCBIRAAAAAAAAAAAAAAAAAAAAMa9Q4xIKwAAAAlR2hpBc3Nlc3NtZW50IEdyb3VwIFBhcGVyLnBkZgAAAAAAAAAAAAAAAAAAAAAAAAAAAAAAAAAAAAAAAAAAAAAAAAAACVGzx9ANugAAAAAAAAAAAAIAAwAACSAAAAAAAAAAAAAAAAAAAAAGcGFwZXJzABAACAAAxr17zAAAABEACAAAx9BF+gAAAAEAFAAJUdoACVGhAAlAvAAJLzQAAJGfAAIARk1hY2ludG9zaCBIRDpVc2VyczptYXJrOmNsYXNzZXM6ZnJlZDpwYXBlcnM6QXNzZXNzbWVudCBHcm91cCBQYXBlci5wZGYADgA2ABoAQQBzAHMAZQBzAHMAbQBlAG4AdAAgAEcAcgBvAHUAcAAgAFAAYQBwAGUAcgAuAHAAZABmAA8AGgAMAE0AYQBjAGkAbgB0AG8AcwBoACAASABEABIAOVVzZXJzL21hcmsvY2xhc3Nlcy9mcmVkL3BhcGVycy9Bc3Nlc3NtZW50IEdyb3VwIFBhcGVyLnBkZgAAEwABLwAAFQACAAv//wAAgAXSHB0eH1gkY2xhc3Nlc1okY2xhc3NuYW1lox8gIV1OU011dGFibGVEYXRhVk5TRGF0YVhOU09iamVjdF8QLC4uLy4uL2ZyZWQvcGFwZXJzL0Fzc2Vzc21lbnQgR3JvdXAgUGFwZXIucGRm0hwdJCWiJSFcTlNEaWN0aW9uYXJ5EgABhqBfEA9OU0tleWVkQXJjaGl2ZXIACAARABYAHwAoADIANQA6ADwARQBLAFIAXQBlAGwAbwBxAHMAdgB4AHoAfACGAJMAmACgAmQCZgJrAnQCfwKDApECmAKhAtAC1QLYAuUC6gAAAAAAAAIBAAAAAAAAACgAAAAAAAAAAAAAAAAAAAL8}}

@comment{BibDesk Static Groups{
<?xml version="1.0" encoding="UTF-8"?>
<!DOCTYPE plist PUBLIC "-//Apple//DTD PLIST 1.0//EN" "http://www.apple.com/DTDs/PropertyList-1.0.dtd">
<plist version="1.0">
<array>
	<dict>
		<key>group name</key>
		<string>MS Thesis</string>
		<key>keys</key>
		<string>ericsson-1984,beyer88,piaget69,brown-1992,lesh03,dow09,eckert09,atman-1999,fred-phd,p33-wing,csed-guzdial,p47-felleisen,ArtofLEGO,schon83,byob,welch,chinn-samar,scratch,atman-2003,REESE,kimbell06,penta,axiomatic,mos-design,sandoval,schon92,designing-to-learn,bloombroder50</string>
	</dict>
	<dict>
		<key>group name</key>
		<string>Reasoning Class F10</string>
		<key>keys</key>
		<string>lochhead87,lester81,star,sandoval04,lester94,nichols04,nickerson86,vers94,dillon86,schneider,simon04,malloy98,beyer88,greenfield87</string>
	</dict>
</array>
</plist>
}}
